<?xml version="1.0" encoding="UTF-8"?><collection xmlns="http://www.loc.gov/MARC21/slim"><record><leader>00433nam--2200145-i-4500</leader><controlfield tag="001">000041425</controlfield><controlfield tag="002">20161230</controlfield><controlfield tag="005">20170222091517</controlfield><controlfield tag="008">060222s1000------------r-----000-0-eng-d</controlfield><datafield ind1=" " ind2=" " tag="040"><subfield code="a">IFIN-HH</subfield></datafield><datafield ind1="1" ind2=" " tag="100"><subfield code="a">Shaw,William And Nunz,Gregory J</subfield></datafield><datafield ind1="1" ind2="0" tag="245"><subfield code="a">Electronics mathematics. Algebra trigonometry and calculus</subfield></datafield><datafield ind1=" " ind2=" " tag="260"><subfield code="a">New York, McGraw-Hill Book Comp.,1967. XI + 398 P</subfield></datafield><datafield ind1=" " ind2=" " tag="852"><subfield code="a">33498</subfield><subfield code="b">Vol 2</subfield><subfield code="c">51</subfield></datafield><datafield ind1=" " ind2=" " tag="CAT"><subfield code="a">SYS</subfield><subfield code="c">20170222</subfield><subfield code="h">091517</subfield></datafield></record></collection>